% add refernces here

@article{cui2023sportsmot,
  title={SportsMOT: A Large Multi-Object Tracking Dataset in Multiple Sports Scenes},
  author={Cui, Yutao and Zeng, Chenkai and Zhao, Xiaoyu and Yang, Yichun and Wu, Gangshan and Wang, Limin},
  journal={arXiv preprint arXiv:2304.05170},
  year={2023}
}

@misc{milan2016mot16,
      title={MOT16: A Benchmark for Multi-Object Tracking}, 
      author={Anton Milan and Laura Leal-Taixe and Ian Reid and Stefan Roth and Konrad Schindler},
      year={2016},
      eprint={1603.00831},
      archivePrefix={arXiv},
      primaryClass={cs.CV}
}

